%

@book{oberg1914machinery,
  title={Machinery's Handbook: A Reference Book for the Mechanical Engineer Designer Manufacturing Engineer Draftsman Toolmaker and Machinist},
  author={Oberg, Erik et al.},
  volume={31},
  year={2020},
  publisher={Industrial Press New York}
}

@book{dxf_reference,
    title={DXF Reference},
    url={https://images.autodesk.com/adsk/files/autocad_2012_pdf_dxf-reference_enu.pdf},
    journal={Autodesk},
    publisher={AutoDesk, Inc.},
    author={AutoDesk, Inc.},
    year={2012}
}

@misc{embroidermodder_website,
    title={Embroidermodder 2.0},
    author={The Embroidermodder Team},
    url={https://www.libembroidery.org},
    accessed={3 Jun. 2022}
}

@misc{embroidermodder_source_code,
    title={Embroidermodder 2.0},
    author={The Embroidermodder Team},
    url={https://github.com/embroidermodder/embroidermodder},
    accessed={3 Jun. 2022}
}

@misc{libembroidery_source_code,
    title={Libembroidery 1.0},
    author={The Embroidermodder Team},
    url={https://github.com/embroidermodder/libembroidery},
    accessed={3 Jun. 2022}
}

@misc{acatina,
    title={Technical Info},
    author={acatina},
    url={http://www.achatina.de/sewing/main/TECHNICL.HTM},
    accessed={28 Sep. 2021}
}

@misc{kde_tajima,
    title={Projects/Liberty/File Formats/Tajima Ternary - KDE Community Wiki},
    author={KDE Community},
    url={https://community.kde.org/Projects/Liberty/File_Formats/Tajima_Ternary},
    accessed={28 Sep. 2021}
}

%@misc{wotsit_archive,
%    title={wotsit Archive},
%    author={UNKNOWN},
%    url={http://web.archive.org/web/20120414201517/http://www.wotsit.org/},
%    accessed={19 Jun. 2023}
%}
%
%@misc{wotsit_siterip,
%    title={wotsit Site Rip},
%    author={UNKNOWN},
%    url={https://archive.org/details/2018_10_23__www.wotsit.org},
%    accessed={19 Jun. 2023}
%}

@misc{fineemb_dst,
    title={FineEmb Studio \guillemotright DST},
    author={FineEmb Studio},
    url={https://www.fineemb.com/blog/archives/dst-file-encoding.html},
    accessed={28 Sep. 2021}
}

@misc{edutechwiki_dst,
    title={Embroidery format DST - EduTech Wiki},
    author={EduTech Wiki},
    url={https://edutechwiki.unige.ch/en/Embroidery_format_DST},
    accessed={28 Sep. 2021}
}


% Rudolf \emph{Technical Info} [http://www.achatina.de/sewing/main/TECHNICL.HTM](http://www.achatina.de/sewing/main/TECHNICL.HTM)
%(Accessed 25 November 2021)
%
% fineEmbStudio2021
%
% Edutech format description (eduTechWikiDST)
%
% KDE Liberty Description (libertyTajima)
%
% The Sewing Witch \emph{PCD2FMT} [http://www.sewingwitch.com/sewing/bin/pcd2fmt.html](http://www.sewingwitch.com/sewing/bin/pcd2fmt.html) (Accessed November 2021)
%
% [http://steve-jansen.github.io/guides/windows-batch-scripting/part-7-functions.html] \url{http://steve-jansen.github.io/guides/windows-batch-scripting/part-7-functions.html}
%
% [https://stackoverflow.com/questions/16286134/imagemagick-how-can-i-work-with-histogram-result] \url{https://stackoverflow.com/questions/16286134/imagemagick-how-can-i-work-with-histogram-result}
%
% Fritzing [https://github.com/fritzing/fritzing-app] \url{https://github.com/fritzing/fritzing-app}
%
% Sahoo, P., Wilkins, C., and Yeager, J., “Threshold selection using Renyi's entropy”, \emph{Pattern Recognition}, vol. 30, no. 1, pp. 71–84, 1997. doi:10.1016/S0031-3203(96)00065-9.
%
% [http://www.fmwconcepts.com/imagemagick/sahoothresh/index.php]
% \url{http://www.fmwconcepts.com/imagemagick/sahoothresh/index.php} (Accessed 12 Dec 2021)
%
% 11. FINDME

@misc{pep7,
    title={Python PEP 7},
    author={G. van Rossum and B. Warsaw},
    url={https://peps.python.org/pep-0007/},
    accessed={19 Jun. 2023}
}
