% References for the Embroidermodder Reference Manual
%
% This file is part of the Embroidermodder Reference Manual.
%

@article{packard1992pcl,
    title={PCL 5 Printer Language Technical Reference Manual (Part I \& II)},
    author={Packard, Hewlett},
    journal={Hewlett Packard},
    year={1992},
    note={Available as \url{http://www.hp.com/ctg/Manual/bpl13210.pdf} and \url{http://www.hp.com/ctg/Manual/bpl13211.pdf}}
}

@book{adobe1990postscript,
    title={PostScript{\textregistered} language reference manual},
    author={Adobe Systems Inc.},
    year={1990},
    journal={},
    publisher={Addison-Wesley Longman Publishing Co., Inc.},
    note={Available as \url{https://www.adobe.com/jp/print/postscript/pdfs/PLRM.pdf}.}
}

@book{postscript1999postscript,
    title={PostScript{\textregistered} Language Reference Supplement},
    author={Adobe Systems Inc, CORPORATE},
    year={1999},
    publisher={Addison-Wesley Longman Publishing Co., Inc.}
}

@book{alfred2007compilers,
    title={Compilers-principles, techniques, and tools},
    author={Alfred V, Aho and Monica S, Lam and Ravi, Sethi and Jeffrey D, Ullman and others},
    year={2007},
    publisher={pearson Education}
}

@misc{eduTechDST,
    author={EduTech Wiki},
    title={Embroidery format DST --- EduTech Wiki{,} A resource kit for educational technology teaching, practice and research},
    year={2019},
    url={https://edutechwiki.unige.ch/en/Embroidery_format_DST},
    note={[Online; accessed 26-August-2023]}
}

@misc{cups,
	author={Apple Inc.},
	title={{C}{U}{P}{S}.org --- cups.org},
	howpublished={\url{https://www.cups.org/}},
	year={1997-2007},
	note={[Accessed 26-08-2023]},
}

@misc{linuxcnc,
	author={various authors},
	title={{L}inux{C}{N}{C} --- linuxcnc.org},
	howpublished={\url{http://linuxcnc.org/}},
	year={2006-2023},
	note={[Accessed 26-08-2023]},
}

@misc{linuxcncsrc,
    title={Linux CNC source code},
    author={LinuxCNC Team},
    url={https://github.com/LinuxCNC/linuxcnc},
    accessed={25 Aug. 2023}
}

@misc{millOperatorsManual,
	author={Haas Automation Inc.},
	title={Mill Operator's Manual},
	howpublished={\url{https://www.haascnc.com/content/dam/haascnc/en/service/manual/operator/english---mill-ngc---operator's-manual---2017.pdf}},
	year={2017},
	note={[Accessed 26-08-2023]},
}

@book{oberg1914machinery,
    title={Machinery's Handbook: A Reference Book for the Mechanical Engineer Designer Manufacturing Engineer Draftsman Toolmaker and Machinist},
    author={Oberg, Erik et al.},
    volume={31},
    year={2020},
    publisher={Industrial Press New York}
}

@book{dxf_reference,
    title={DXF Reference},
    url={https://images.autodesk.com/adsk/files/autocad_2012_pdf_dxf-reference_enu.pdf},
    journal={Autodesk},
    publisher={AutoDesk, Inc.},
    author={AutoDesk, Inc.},
    year={2012}
}

@misc{thewebsite,
    title={Embroidermodder 2.0},
    author={The Embroidermodder Team},
    url={https://www.libembroidery.org},
    accessed={3 Jun. 2022},
    year={2022--2023}
}

@misc{embroidermodder_source_code,
    title={Embroidermodder 2.0},
    author={The Embroidermodder Team},
    url={https://github.com/embroidermodder/embroidermodder},
    accessed={3 Jun. 2022},
    year={2013--2023}
}

@misc{libembroidery_source_code,
    title={Libembroidery 1.0},
    author={The Embroidermodder Team},
    url={https://github.com/embroidermodder/libembroidery},
    accessed={3 Jun. 2022},
    year={2018--2023}
}

@misc{acatina,
    title={Technical Info},
    author={acatina},
    url={http://www.achatina.de/sewing/main/TECHNICL.HTM},
    accessed={28 Sep. 2021},
    year={c2004}
}

@misc{kde_tajima,
    title={Projects/Liberty/File Formats/Tajima Ternary - KDE Community Wiki},
    author={KDE Community},
    url={https://community.kde.org/Projects/Liberty/File_Formats/Tajima_Ternary},
    accessed={28 Sep. 2021},
    year={2013}
}

@misc{wotsit_archive,
    title={wotsit Archive},
    author={UNKNOWN},
    url={http://web.archive.org/web/20120414201517/http://www.wotsit.org/},
    accessed={19 Jun. 2023},
    year={c2012}
}

@misc{wotsit_siterip,
    title={wotsit Site Rip},
    author={UNKNOWN},
    url={https://archive.org/details/2018_10_23__www.wotsit.org},
    accessed={19 Jun. 2023},
    year={2018}
}

@misc{fineemb_dst,
    title={FineEmb Studio $\guillemotright$ DST},
    author={FineEmb Studio},
    url={https://www.fineemb.com/blog/archives/dst-file-encoding.html},
    accessed={28 Sep. 2021},
    year={2009-2021}
}

@misc{pep7,
    title={Python PEP 7},
    author={G. van Rossum and B. Warsaw},
    url={https://peps.python.org/pep-0007/},
    accessed={19 Jun. 2023},
    year={2001}
}

@misc{rudolfAchatina,
    author={Rudolf},
    title={Technical Info},
    url={http://www.achatina.de/sewing/main/TECHNICL.HTM},
    note={(Accessed 25 November 2021)}
}

@misc{pcdfmt,
    author={The Sewing Witch},
    title={The Sewing Witch \emph{PCD2FMT}},
    howpublished={ \url{http://www.sewingwitch.com/sewing/bin/pcd2fmt.html](http://www.sewingwitch.com/sewing/bin/pcd2fmt.html}},
    note={Accessed November 2021}
}

@article{fritzing,
    author={unknown},
    title={Fritzing},
    howpublished={\url{https://github.com/fritzing/fritzing-app}}
}

% \note{\url{http://www.fmwconcepts.com/imagemagick/sahoothresh/index.php} (Accessed 12 Dec 2021)}
% sahoo1997threshhold
% Sahoo, P., Wilkins, C., and Yeager, J.
% Threshold selection using Renyi's entropy
% Pattern Recognition
% volume 30
% year 1997
%     no. 1,
%     pp. 71â€“84,
%     doi:10.1016/S0031-3203(96)00065-9.


@misc{kempes1985,
    title={Kempe's Engineers Year-Book 1985},
    url={https://archive.org/details/kempesengineersy0000unse_f0w7/page/n7/mode/2up},
    year={1985}
}

@misc{thethreadexchangeIsafilUltrafil,
	author = {The Thread Exchange},
	title = {{I}safil / {U}ltrafil - 40 {W}eight -{R}ayon --- thethreadexchange.com},
	howpublished = {\url{https://www.thethreadexchange.com/miva/merchant.mvc?Screen=CTGY&Category_Code=isafil-ultrafil-embroidery-thread}},
	year = {2005},
	note = {[Accessed 10-10-2023]},
}

@misc{needlepointersThreadConversion,
	author = {Needlepointers.com},
	title = {{T}hread {C}onversion {C}harts for {M}achine {E}mbroidery | {N}eedlepointers.com --- needlepointers.com},
	howpublished = {\url{https://www.needlepointers.com/main/showarticles.aspx?navid=1707}},
	year = {2003-2019},
	note = {[Accessed 10-10-2023]},
}

@misc{janomeFreeDesigns,
	author = {janome.com},
	title = {Janome Inspire Embroidery},
	howpublished = {\url{https://www.janome.com/en/inspire/Embroidery/}},
	year = {.},
	note = {[Accessed 10-10-2023]},
}
