%

@misc{dxf_reference,
    title={DXF Reference},
    url={https://images.autodesk.com/adsk/files/autocad_2012_pdf_dxf-reference_enu.pdf},
    journal={Autodesk},
    publisher={AutoDesk, Inc.},
    author={AutoDesk, Inc.},
    year={2012}
}

@misc{embroidermodder,
    title={Embroidermodder 2.0},
    author={The Embroidermodder Team},
    url={https://www.libembroidery.org},
    accessed={3 June 2022}
}

%achatina _Technical Info_
% http://www.achatina.de/sewing/main/TECHNICL.HTM
% (accessed 28. Sep. 2021)

%KDE Community
% _Projects/Liberty/File Formats/Tajima Ternary - KDE Community Wiki_
% https://community.kde.org/Projects/Liberty/File_Formats/Tajima_Ternary
% (accessed 28. Sep. 2021)

%FineEmb Studio
% _FineEmb Studio \guillemotright DST_
% https://www.fineemb.com/blog/archives/dst-file-encoding.html
% (accessed 28. Sep. 2021)

%EduTech Wiki
% _Embroidery format DST - EduTech Wiki_
% https://edutechwiki.unige.ch/en/Embroidery_format_DST}
% (accessed 28. Sep. 2021)
