%

@misc{achatina,
	title = {{Technical Info}},
	year = {2005},
	month = {Feb},
	note = {[Online; accessed 28. Sep. 2021]},
	url = {http://www.achatina.de/sewing/main/TECHNICL.HTM}
}

@misc{libertyTajima,
	title = {{Projects/Liberty/File Formats/Tajima Ternary - KDE Community Wiki}},
	year = {2021},
	month = {Jan},
	note = {[Online; accessed 28. Sep. 2021]},
	url = {https://community.kde.org/Projects/Liberty/File_Formats/Tajima_Ternary}
}

@misc{fineEmbStudio2021,
	title = {{FineEmb Studio {\ifmmode\mbox{\guillemotright}\else\guillemotright\fi} DST}},
	year = {2021},
	month = {Sep},
	note = {[Online; accessed 28. Sep. 2021]},
	url = {https://www.fineemb.com/blog/archives/dst-file-encoding.html}
}

@misc{eduTechWikiDST,
	title = {{Embroidery format DST - EduTech Wiki}},
	year = {2020},
	month = {Dec},
	note = {[Online; accessed 28. Sep. 2021]},
	url = {https://edutechwiki.unige.ch/en/Embroidery_format_DST}
}

@article{Chien-Lih2005,
	author = {Chien-Lih, Hwang},
	title = {{89.67 An elementary derivation of Euler{'}s series for the arctangent function}},
	journal = {Math. Gaz.},
	volume = {89},
	number = {516},
	pages = {469--470},
	year = {2005},
	month = {Nov},
	issn = {0025-5572},
	publisher = {Cambridge University Press},
	doi = {10.1017/S0025557200178404}
}

